@inproceedings{chen2018neural,
  title={Neural ordinary differential equations},
  author={Chen, Tian Qi and Rubanova, Yulia and Bettencourt, Jesse and Duvenaud, David K},
  booktitle={Advances in neural information processing systems},
  pages={6571--6583},
  year={2018}
}
@book{butcher2016numerical,
	title={Numerical methods for ordinary differential equations},
	author={Butcher, John Charles},
	year={2016},
	publisher={John Wiley \& Sons}
}
@article{parand2010approximation,
	title={An approximation algorithm for the solution of the nonlinear Lane--Emden type equations arising in astrophysics using Hermite functions collocation method},
	author={Parand, K and Dehghan, Mehdi and Rezaei, AR and Ghaderi, SM},
	journal={Computer Physics Communications},
	volume={181},
	number={6},
	pages={1096--1108},
	year={2010},
	publisher={Elsevier}
}
@article{hemami2019numerical,
	title={Numerical simulation of reaction--diffusion neural dynamics models and their synchronization/desynchronization: application to epileptic seizures},
	author={Hemami, Mohammad and Parand, Kourosh and Rad, Jamal Amani},
	journal={Computers \& Mathematics with Applications},
	volume={78},
	number={11},
	pages={3644--3677},
	year={2019},
	publisher={Elsevier}
}
@article{abbaszadeh2020analysis,
	title={Analysis and application of the interpolating element free Galerkin (IEFG) method to simulate the prevention of groundwater contamination with application in fluid flow},
	author={Abbaszadeh, Mostafa and Dehghan, Mehdi and Khodadadian, Amirreza and Heitzinger, Clemens},
	journal={Journal of Computational and Applied Mathematics},
	volume={368},
	pages={112453},
	year={2020},
	publisher={Elsevier}
}
@misc{eulermethod,
title={The proof of Euler method},
url={https://proofwiki.org/wiki/Euler_Method}
}

@inproceedings{he2016deep,
	title={Deep residual learning for image recognition},
	author={He, Kaiming and Zhang, Xiangyu and Ren, Shaoqing and Sun, Jian},
	booktitle={Proceedings of the IEEE conference on computer vision and pattern recognition},
	pages={770--778},
	year={2016}
}

@inproceedings{dupont2019augmented,
	title={Augmented neural odes},
	author={Dupont, Emilien and Doucet, Arnaud and Teh, Yee Whye},
	booktitle={Advances in Neural Information Processing Systems},
	pages={3134--3144},
	year={2019}
}